<record><leader>00000cas a22000007a 4500</leader><controlfield tag="001">42935280</controlfield><controlfield tag="008">991204d19711971inuwr ne      0    0eng d</controlfield><datafield ind1=" " ind2=" " tag="010"><subfield code="a">sn 99063515 </subfield></datafield><datafield ind1=" " ind2=" " tag="040"><subfield code="a">NPI</subfield><subfield code="b">eng</subfield><subfield code="c">NPI</subfield><subfield code="d">OCLCQ</subfield><subfield code="d">OCLCF</subfield><subfield code="d">IUL</subfield><subfield code="d">OCL</subfield></datafield><datafield ind1=" " ind2=" " tag="042"><subfield code="a">msc</subfield></datafield><datafield ind1=" " ind2=" " tag="043"><subfield code="a">n-us-in</subfield></datafield><datafield ind1="0" ind2=" " tag="130"><subfield code="a">North East herald (Kokomo, Ind.)</subfield></datafield><datafield ind1="1" ind2="0" tag="245"><subfield code="a">North East herald.</subfield></datafield><datafield ind1="3" ind2=" " tag="246"><subfield code="a">Northeast herald</subfield></datafield><datafield ind1=" " ind2=" " tag="260"><subfield code="a">Kokomo, Ind. :</subfield><subfield code="b">Midge Janner,</subfield><subfield code="c">1971.</subfield></datafield><datafield ind1=" " ind2=" " tag="300"><subfield code="a">volumes :</subfield><subfield code="b">illustrations</subfield></datafield><datafield ind1=" " ind2=" " tag="310"><subfield code="a">Weekly</subfield></datafield><datafield ind1=" " ind2=" " tag="336"><subfield code="a">text</subfield><subfield code="b">txt</subfield><subfield code="2">rdacontent</subfield></datafield><datafield ind1=" " ind2=" " tag="337"><subfield code="a">unmediated</subfield><subfield code="b">n</subfield><subfield code="2">rdamedia</subfield></datafield><datafield ind1=" " ind2=" " tag="338"><subfield code="a">volume</subfield><subfield code="b">nc</subfield><subfield code="2">rdacarrier</subfield></datafield><datafield ind1="0" ind2=" " tag="362"><subfield code="a">Vol. 1, no. 1 (Apr. 8, 1971)-v. 1, no. [22] (Sept. 17 [i.e. 24] 1971).</subfield></datafield><datafield ind1=" " ind2=" " tag="515"><subfield code="a">Not published Apr. 15 and May 20, 1971.</subfield></datafield><datafield ind1=" " ind2="0" tag="651"><subfield code="a">Kokomo (Ind.)</subfield><subfield code="v">Newspapers.</subfield></datafield><datafield ind1=" " ind2="0" tag="651"><subfield code="a">Howard County (Ind.)</subfield><subfield code="v">Newspapers.</subfield></datafield><datafield ind1=" " ind2="7" tag="651"><subfield code="a">Indiana</subfield><subfield code="z">Howard County.</subfield><subfield code="2">fast</subfield><subfield code="0">(OCoLC)fst01217817</subfield></datafield><datafield ind1=" " ind2="7" tag="651"><subfield code="a">Indiana</subfield><subfield code="z">Kokomo.</subfield><subfield code="2">fast</subfield><subfield code="0">(OCoLC)fst01212580</subfield></datafield><datafield ind1=" " ind2="7" tag="655"><subfield code="a">Newspapers.</subfield><subfield code="2">fast</subfield><subfield code="0">(OCoLC)fst01423814</subfield></datafield><datafield ind1=" " ind2=" " tag="752"><subfield code="a">United States</subfield><subfield code="b">Indiana</subfield><subfield code="c">Howard</subfield><subfield code="d">Kokomo.</subfield></datafield><datafield ind1="0" ind2="0" tag="785"><subfield code="t">Kokomo herald</subfield><subfield code="w">(DLC)sn 87055813</subfield><subfield code="w">(OCoLC)15338914</subfield></datafield></record>